@incollection{Hovem13,
  author = {Jens M. Hovem},
  title = {Ray Trace Modeling of Underwater Sound Propagation},
  booktitle = {Modeling and Measurement Methods for Acoustic Waves and for Acoustic Microdevices},
  publisher = {IntechOpen},
  address = {Rijeka},
  year = {2013},
  editor = {Marco G. Beghi},
  chapter = {23},
  doi = {10.5772/55935},
  url = {https://doi.org/10.5772/55935},
}
